@misc{QcMatrix,
  author = {Bin Gao},
  title = {{QcMatrix Version 0.1.0}},
  year = {2015},
  note = {https://gitlab.com/bingao/qcmatrix}
}
