@article{Higham-SIAM-JMAA-13-681,
author = {Higham, N.},
title = {{Stability of a Method for Multiplying Complex Matrices with Three Real Matrix Multiplications}},
journal = {SIAM J. Matrix Anal. Appl.},
volume = {13},
number = {3},
pages = {681--687},
year = {1992},
doi = {10.1137/0613043}
}

@book{Higham-ASNA-2002,
  author = {Nicholas J. Higham},
  title = {{Accuracy and Stability of Numerical Algorithms}},
  edition = {2nd},
  publisher = {Society for Industrial and Applied Mathematics},
  year = {2002}
}

@article{Pletzer-CSE-10-86,
author = {Alexander Pletzer and Douglas McCune and Stefan Muszala and Srinath Vadlamani and Scott Kruger},
title = {{Exposing Fortran Derived Types to C and Other Languages}},
year = {2008},
journal = {Comput. Sci. Eng.},
volume = {10},
issue = {4},
pages = {86--92},
doi = {10.1109/MCSE.2008.94}
}

@article{Saue-JCP111-6211,
author = {T. Saue and H. J. Aa Jensen},
title = {{Quaternion symmetry in relativistic molecular calculations: The Dirac--Hartree--Fock method}},
publisher = {AIP},
year = {1999},
journal = {J. Chem. Phys.},
volume = {111},
number = {14},
pages = {6211--6222},
doi = {10.1063/1.479958}
}

@book{Schaum-Linear-Algebra,
  author = {Seymour Lipschutz and Marc Lipson},
  title = {{Schaum's Easy Outline of Linear Algebra}},
  publisher = {McGraw-Hill},
  year = {2002}
}

@book{Gelius-1972,
   author    = {U. Gelius},
   title     = {Proceedings of the International Conference on Electron Spectroscopy (edited D.A. Shirley)},
   publisher = {North-Holland, Amsterdam},
   pages     = {311},
   year      = {1972}
}

@article{Gelius-JESRP5-985,
  title = {{Recent progress in ESCA studies of gases}},
  author = {U. Gelius},
  journal = {J. Electron Spectrosc. Relat. Phenom.},
  volume = {5},
  number = {1},
  pages = {985--1057},
  year = {1974},
}

@article{Yeh-ADNDT32-1,
author = {J. J. Yeh and I. Lindau},
title = {{Atomic subshell photoionization cross sections and asymmetry parameters: 1$\le$Z$\le$103}},
year = {1985},
journal = {Atom. Data Nucl. Data Tables},
volume = {32},
number = {1},
pages = {1--155},
}

@article{Kramers-ZP31-681,
author = {H. A. Kramers and W. Heisenberg},
title = {{The scattering of radiation by atoms}},
year = {1925},
journal = {Z. Phys.},
volume = {31},
pages = {681--708},
}

@article{Dirac-PRSLSA114-710,
   author = {Dirac, P.~A.~M.},
    title = {{The Quantum Theory of Dispersion}},
  journal = {Proc. Roy. Soc. London, Ser. A},
     year = {1927},
    month = {May},
   volume = {114},
    pages = {710--728}
}

@article{Luo-JPB27-4169,
  author={Yi Luo and H {\AA}gren and F Gel'mukhanov},
  title={{Symmetry assignments of occupied and unoccupied molecular orbitals through spectra of polarized resonance inelastic X-ray scattering}},
  journal={J. Phys. B},
  volume={27},
  number={18},
  pages={4169--4180},
  year={1994}
}

@article{Luo-PRB52-14479,
  title = {{Symmetry-selective resonant inelastic x-ray scattering of C$_{60}$}},
  author = {Luo, Yi and {\AA}gren, Hans and Gel'mukhanov, Faris and Guo, Jinghua and Skytt, Per and Wassdahl, Nial and Nordgren, Joseph},
  journal = {Phys. Rev. B},
  volume = {52},
  number = {20},
  pages = {14479--14496},
  year = {1995},
  month = {Nov},
  doi = {10.1103/PhysRevB.52.14479},
  publisher = {American Physical Society}
}

@article{Gelmukhanov-PR312-87,
    title   = {{Resonant X-ray Raman scattering}},
    author  = {F. Gel'mukhanov and H. {\AA}gren},
    journal = {Phys. Rep.},
    year    = {1999},
    volume  = {312},
    pages   = {87--330}
}

@article{Brena-PRB70-195214,
  title = {{Equivalent core-hole time-dependent density functional theory calculations of carbon $1s$ shake-up states of phthalocyanine}},
  author = {Brena, Barbara and Luo, Yi and Nyberg, Mats and Carniato, St\'{e}phane and Nilson, Katharina and Alfredsson, Ylvi and {\AA}hlund, John and M{\aa}rtensson, Nils and Siegbahn, Hans and Puglia, Carla},
  journal = {Phys. Rev. B},
  volume = {70},
  number = {19},
  pages = {195214},
  year = {2004},
  month = {Nov},
  doi = {10.1103/PhysRevB.70.195214},
  publisher = {American Physical Society}
}

@article{Brena-JCP122-184316,
author = {Barbara Brena and St\'{e}phane Carniato and Yi Luo},
title = {{Functional and basis set dependence of K-edge shake-up spectra of molecules}},
publisher = {AIP},
year = {2005},
journal = {J. Chem. Phys.},
volume = {122},
number = {18},
pages = {184316},
doi = {10.1063/1.1891686}
}

@article{Martin-JCP64-3685,
author = {R. L. Martin and D. A. Shirley},
title = {{Theory of core-level photoemission correlation state spectra}},
publisher = {AIP},
year = {1976},
journal = {J. Chem. Phys.},
volume = {64},
number = {9},
pages = {3685--3689},
doi = {10.1063/1.432679}
}

@article{Jiang-JCP124-034708,
author = {Jun Jiang and Mathias Kula and Yi Luo},
title = {{A generalized quantum chemical approach for elastic and inelastic electron transports in molecular electronics devices}},
publisher = {AIP},
year = {2006},
journal = {J. Chem. Phys.},
volume = {124},
number = {3},
numpages = {10},
pages = {034708},
doi = {10.1063/1.2159490}
}

@article{Wang-PCCP3-5017,
author = {Wang, Chuan-Kui and Fu, Ying and Luo, Yi},
title = {{A quantum chemistry approach for current-voltage characterization of molecular junctions}},
journal = {Phys. Chem. Chem. Phys.},
year = {2001},
volume = {3},
issue = {22},
pages = {5017--5023},
publisher = {The Royal Society of Chemistry},
doi = {10.1039/B105279A}
}

@article{Mujica-JCP101-6849,
author = {V. Mujica and M. Kemp and M. A. Ratner},
title = {{Electron conduction in molecular wires. I. A scattering formalism}},
publisher = {AIP},
year = {1994},
journal = {J. Chem. Phys.},
volume = {101},
number = {8},
pages = {6849--6855},
doi = {10.1063/1.468314}
}

@article{Guo-PRL108-218102,
  title = {{Spin-Selective Transport of Electrons in DNA Double Helix}},
  author = {Guo, Ai-Min and Sun, Qing-Feng},
  journal = {Phys. Rev. Lett.},
  volume = {108},
  issue = {21},
  pages = {218102},
  numpages = {5},
  year = {2012},
  month = {May},
  doi = {10.1103/PhysRevLett.108.218102},
  publisher = {American Physical Society}
}

@article{Volkov-ACA62-400,
author = {Volkov, Anatoliy and King, Harry F. and Coppens, Philip and Farrugia, Louis J.},
title = {{On the calculation of the electrostatic potential, electric field and electric field gradient from the aspherical pseudoatom model}},
journal = {Acta Cryst. A},
year = {2006},
volume = {62},
number = {5},
pages = {400--408},
month = {Sep},
doi = {10.1107/S0108767306026298}
}

@article{Koseki-JPC96-10768,
author = {Koseki, Shiro and Schmidt, Michael W. and Gordon, Mark S.},
title = {{MCSCF/6-31G(d,p) Calculations of One-Electron Spin-Orbit Coupllng Constants in Dlatomic Molecules}},
journal = {J. Phys. Chem.},
volume = {96},
number = {26},
pages = {10768--10772},
year = {1992},
doi = {10.1021/j100205a033}
}
